<collection xmlns="http://www.loc.gov/MARC21/slim">
<record>
  <leader>03634nam0a2200529 i 450 </leader>
  <controlfield tag="001">IT\ICCU\CNCE\033673</controlfield>
  <controlfield tag="005">20150428000000.0</controlfield>
  <datafield tag="012" ind1=" " ind2=" ">
    <subfield code="a">e.is heta i-ui cidi (C) 1522 (R)</subfield>
    <subfield code="2">fei</subfield>
  </datafield>
  <datafield tag="100" ind1=" " ind2=" ">
    <subfield code="a">19971222d1522        0itac0103    ba</subfield>
  </datafield>
  <datafield tag="101" ind1=" " ind2=" ">
    <subfield code="a">LAT</subfield>
  </datafield>
  <datafield tag="102" ind1=" " ind2=" ">
    <subfield code="a">IT</subfield>
  </datafield>
  <datafield tag="200" ind1="1" ind2=" ">
    <subfield code="a">Opera nuper in lucem prodeuntia. Liber gratie spiritualis visionum &amp; reuelationum beate Methildis virginis deuotissime ad fidelium instructionem. Euangelium beati Nichodemi de passione Christi ac descensu eius ad inferos testimonio Charini &amp; Leutii resurrectorum. Epistola Lentuli ad Romanos de persona &amp; effigie &amp; moribus Christi, que sola comperta est in annalibus Romanorum. Visio mirabilis Ysaie prophete, que tam diuinae trinitatis archana quam generis humani redemptionem manifestat aduersus Hebraicam caliginem. Visio sancti Alberti episcopi Agrippinensis de octo regulis vite humane meritoriis a Christo sibi in missa reuelatis. Preclarum Erithree Sibille vaticinium ab excidio Troiano vsque ad seculi consumationem in orthodoxe fidei testimonium</subfield>
  </datafield>
  <datafield tag="210" ind1=" " ind2=" ">
    <subfield code="e">Venetiis</subfield>
    <subfield code="g">impressum in officina Iacobi de Leuco</subfield>
    <subfield code="g">cura &amp; expensis prouidi viri Iordani ciuis Colonien.</subfield>
    <subfield code="h">1522 VIII kalen. Decembris</subfield>
  </datafield>
  <datafield tag="215" ind1=" " ind2=" ">
    <subfield code="a">\168! c.</subfield>
    <subfield code="d"> 8ʻ</subfield>
  </datafield>
  <datafield tag="620" ind1=" " ind2=" ">
    <subfield code="a">IT</subfield>
    <subfield code="d">Venezia</subfield>
  </datafield>
  <datafield tag="700" ind1=" " ind2="0">
    <subfield code="a">Mechthild</subfield>
    <subfield code="c"> : von#Hackeborn</subfield>
    <subfield code="c"> &lt;santa&gt;</subfield>
    <subfield code="3">IT\ICCU\CNCA\009830</subfield>
  </datafield>
  <datafield tag="702" ind1=" " ind2="0">
    <subfield code="a">Ln̈tulo</subfield>
    <subfield code="3">IT\ICCU\CNCA\015944</subfield>
  </datafield>
  <datafield tag="712" ind1="0" ind2="0">
    <subfield code="a">Penzio, Giacomo</subfield>
    <subfield code="3">IT\ICCU\CNCT\000345</subfield>
    <subfield code="4">650</subfield>
  </datafield>
  <datafield tag="712" ind1="0" ind2="0">
    <subfield code="a">Dinslaken, Jordan von</subfield>
    <subfield code="3">IT\ICCU\CNCT\001596</subfield>
    <subfield code="4">650</subfield>
  </datafield>
  <datafield tag="790" ind1=" " ind2="0">
    <subfield code="a">Matilde</subfield>
    <subfield code="c"> &lt;santa&gt;</subfield>
    <subfield code="3">IT\ICCU\CNCA\009819</subfield>
    <subfield code="z">Mechthild : von#Hackeborn &lt;santa&gt;</subfield>
  </datafield>
  <datafield tag="790" ind1=" " ind2="1">
    <subfield code="a">Hackeborn,</subfield>
    <subfield code="b">Mechtild : von</subfield>
    <subfield code="3">IT\ICCU\CNCA\010180</subfield>
    <subfield code="z">Mechthild : von#Hackeborn &lt;santa&gt;</subfield>
  </datafield>
  <datafield tag="790" ind1=" " ind2="0">
    <subfield code="a">Mechtildis</subfield>
    <subfield code="3">IT\ICCU\CNCA\024770</subfield>
    <subfield code="z">Mechthild : von#Hackeborn &lt;santa&gt;</subfield>
  </datafield>
  <datafield tag="790" ind1=" " ind2="1">
    <subfield code="a">Lentulus,</subfield>
    <subfield code="b">Publius</subfield>
    <subfield code="3">IT\ICCU\CNCA\018662</subfield>
    <subfield code="z">Ln̈tulo</subfield>
  </datafield>
  <datafield tag="791" ind1="0" ind2="0">
    <subfield code="a">Pencio, Giacomo</subfield>
    <subfield code="3">IT\ICCU\CNCT\002482</subfield>
    <subfield code="z">Penzio, Giacomo</subfield>
  </datafield>
  <datafield tag="791" ind1="0" ind2="2">
    <subfield code="a">Iacobus de Leuco</subfield>
    <subfield code="3">IT\ICCU\CNCT\002483</subfield>
    <subfield code="z">Penzio, Giacomo</subfield>
  </datafield>
  <datafield tag="791" ind1="0" ind2="0">
    <subfield code="a">Pentius, Iacobus</subfield>
    <subfield code="3">IT\ICCU\CNCT\002484</subfield>
    <subfield code="z">Penzio, Giacomo</subfield>
  </datafield>
  <datafield tag="791" ind1="0" ind2="2">
    <subfield code="a">Iacobo da Lecco</subfield>
    <subfield code="3">IT\ICCU\CNCT\002485</subfield>
    <subfield code="z">Penzio, Giacomo</subfield>
  </datafield>
  <datafield tag="791" ind1="0" ind2="0">
    <subfield code="a">Pencius, Iacobus</subfield>
    <subfield code="3">IT\ICCU\CNCT\005360</subfield>
    <subfield code="z">Penzio, Giacomo</subfield>
  </datafield>
  <datafield tag="791" ind1="0" ind2="0">
    <subfield code="a">Pentio, Iacomo</subfield>
    <subfield code="3">IT\ICCU\CNCT\005362</subfield>
    <subfield code="z">Penzio, Giacomo</subfield>
  </datafield>
  <datafield tag="791" ind1="0" ind2="0">
    <subfield code="a">Penzi, Iacomo di</subfield>
    <subfield code="3">IT\ICCU\CNCT\005364</subfield>
    <subfield code="z">Penzio, Giacomo</subfield>
  </datafield>
  <datafield tag="791" ind1="0" ind2="0">
    <subfield code="a">Penci, Iacobo de</subfield>
    <subfield code="3">IT\ICCU\CNCT\005366</subfield>
    <subfield code="z">Penzio, Giacomo</subfield>
  </datafield>
  <datafield tag="791" ind1="0" ind2="2">
    <subfield code="a">Iordanus Coloniensis</subfield>
    <subfield code="3">IT\ICCU\CNCT\003771</subfield>
    <subfield code="z">Dinslaken, Jordan von</subfield>
  </datafield>
  <datafield tag="801" ind1=" " ind2="3">
    <subfield code="a">IT</subfield>
    <subfield code="b">ICCU</subfield>
    <subfield code="c">20201114</subfield>
  </datafield>
  <datafield tag="899" ind1=" " ind2=" ">
    <subfield code="a">Biblioteca estera - Universiteitsbibliotheek Gent. Gent</subfield>
    <subfield code="z">MUTILO</subfield>
    <subfield code="1">AA0011</subfield>
  </datafield>
  <datafield tag="899" ind1=" " ind2=" ">
    <subfield code="a">Biblioteca comunale dell&apos;Archiginnasio. Bologna</subfield>
    <subfield code="z">MUTILO</subfield>
    <subfield code="1">BO0304</subfield>
    <subfield code="2">UBO GA</subfield>
  </datafield>
  <datafield tag="899" ind1=" " ind2=" ">
    <subfield code="a">Biblioteca civica Queriniana. Brescia</subfield>
    <subfield code="1">BS0026</subfield>
    <subfield code="2">ZBS 01</subfield>
  </datafield>
  <datafield tag="899" ind1=" " ind2=" ">
    <subfield code="a">Biblioteca universitaria. Cagliari</subfield>
    <subfield code="1">CA0194</subfield>
    <subfield code="2">CAG UC</subfield>
  </datafield>
  <datafield tag="899" ind1=" " ind2=" ">
    <subfield code="a">Biblioteca Apostolica Vaticana. Citt ̉del Vaticano</subfield>
    <subfield code="1">EX0001</subfield>
    <subfield code="2">ZCV 01</subfield>
  </datafield>
  <datafield tag="899" ind1=" " ind2=" ">
    <subfield code="a">Biblioteca nazionale centrale. Firenze</subfield>
    <subfield code="1">FI0098</subfield>
    <subfield code="2">CFI CF</subfield>
  </datafield>
  <datafield tag="899" ind1=" " ind2=" ">
    <subfield code="a">Biblioteca pubblica e Casa della cultura. Fondazione Achille Marazza. Borgomanero</subfield>
    <subfield code="z">MUTILO</subfield>
    <subfield code="1">NO0011</subfield>
    <subfield code="2">TO0 D6</subfield>
  </datafield>
  <datafield tag="899" ind1=" " ind2=" ">
    <subfield code="a">Biblioteca del Seminario Vescovile della Facolt ̉Teologica del Triveneto dell&apos;Istituto Filosofico Aloisianum. Padova</subfield>
    <subfield code="1">PD0073</subfield>
    <subfield code="2">PUV 01</subfield>
  </datafield>
  <datafield tag="899" ind1=" " ind2=" ">
    <subfield code="a">Biblioteca comunale Sperelliana. Gubbio</subfield>
    <subfield code="1">PG0049</subfield>
    <subfield code="2">UM1 11</subfield>
  </datafield>
  <datafield tag="899" ind1=" " ind2=" ">
    <subfield code="a">Biblioteca Oliveriana. Pesaro</subfield>
    <subfield code="1">PU0061</subfield>
    <subfield code="2">URB OL</subfield>
  </datafield>
  <datafield tag="899" ind1=" " ind2=" ">
    <subfield code="a">Biblioteca statale del Monumento nazionale di Grottaferrata. Grottaferrata</subfield>
    <subfield code="1">RM0039</subfield>
    <subfield code="2">BVE GR</subfield>
  </datafield>
  <datafield tag="899" ind1=" " ind2=" ">
    <subfield code="a">Biblioteca Angelica. Roma</subfield>
    <subfield code="1">RM0290</subfield>
    <subfield code="2">RML 06</subfield>
  </datafield>
  <datafield tag="899" ind1=" " ind2=" ">
    <subfield code="a">Biblioteca del Pontificio Ateneo Antonianum. Roma</subfield>
    <subfield code="1">RM0692</subfield>
    <subfield code="2">ZRM 44</subfield>
  </datafield>
  <datafield tag="899" ind1=" " ind2=" ">
    <subfield code="a">British Library. London</subfield>
    <subfield code="1">UK0001</subfield>
  </datafield>
</record>
</collection>
